@PREAMBLE{
 "\providecommand{\noopsort}[1]{}" 
 # "\providecommand{\singleletter}[1]{#1}%" 
}
@misc{russell2017llp,
  title={An experimental introduction to long-lived particle searches at the LHC},
  author={H. Russell},
  howpublished = {\url{https://indico.cern.ch/event/607314/contributions/2542309/attachments/1447873/2231444/20170424_LLPs.pdf}}
}

@article{alimena2019searching,
  title={Searching for long-lived particles beyond the Standard Model at the Large Hadron Collider},
  author={Alimena, Juliette and Beacham, James and Borsato, Martino and Cheng, Yangyang and Vidal, Xabier Cid and Cottin, Giovanna and De Roeck, Albert and Desai, Nishita and Curtin, David and Evans, Jared A and others},
  journal={arXiv preprint arXiv:1903.04497},
  year={2019}
}

@article{adolphi2008cms,
  title={The CMS experiment at the CERN LHC},
  author={Adolphi, Roman and others},
  journal={Jinst},
  volume={803},
  pages={S08004},
  year={2008}
}

@techreport{cmstdr,
  title={CMS Physics: Technical Design Report Volume 1: Detector Performance and Software},
  author="{CMS Collaboration}",
  year={2006},
  institution={CMS-TDR-008-1}
}

@techreport{collaboration2017phase,
  title={The Phase-2 Upgrade of the CMS Tracker},
  author="{CMS Collaboration}",
  year={2017}
}

@article{Aaboud:2019opc,
      author         = "Aaboud, Morad and others",
      title          = "{Search for long-lived neutral particles in $pp$
                        collisions at $\sqrt{s}$ = 13 TeV that decay into
                        displaced hadronic jets in the ATLAS calorimeter}",
      collaboration  = "ATLAS",
      journal        = "Eur. Phys. J.",
      volume         = "C79",
      year           = "2019",
      number         = "6",
      pages          = "481",
      doi            = "10.1140/epjc/s10052-019-6962-6",
      eprint         = "1902.03094",
      archivePrefix  = "arXiv",
      primaryClass   = "hep-ex",
      reportNumber   = "CERN-EP-2018-351",
      SLACcitation   = "%%CITATION = ARXIV:1902.03094;%%"
}

@article{Aad:2015asa,
      author         = "Aad, Georges and others",
      title          = "{Search for pair-produced long-lived neutral particles
                        decaying in the ATLAS hadronic calorimeter in $pp$
                        collisions at $\sqrt{s}$ = 8 TeV}",
      collaboration  = "ATLAS",
      journal        = "Phys. Lett.",
      volume         = "B743",
      year           = "2015",
      pages          = "15-34",
      doi            = "10.1016/j.physletb.2015.02.015",
      eprint         = "1501.04020",
      archivePrefix  = "arXiv",
      primaryClass   = "hep-ex",
      reportNumber   = "CERN-PH-EP-2014-228",
      SLACcitation   = "%%CITATION = ARXIV:1501.04020;%%"
}

@article{Aad:2015uaa,
      author         = "Aad, Georges and others",
      title          = "{Search for long-lived, weakly interacting particles that
                        decay to displaced hadronic jets in proton-proton
                        collisions at $\sqrt{s}=8$ TeV with the ATLAS detector}",
      collaboration  = "ATLAS",
      journal        = "Phys. Rev.",
      volume         = "D92",
      year           = "2015",
      number         = "1",
      pages          = "012010",
      doi            = "10.1103/PhysRevD.92.012010",
      eprint         = "1504.03634",
      archivePrefix  = "arXiv",
      primaryClass   = "hep-ex",
      reportNumber   = "CERN-PH-EP-2015-071",
      SLACcitation   = "%%CITATION = ARXIV:1504.03634;%%"
}
@article{Aaboud:2018aqj,
      author         = "Aaboud, Morad and others",
      title          = "{Search for long-lived particles produced in $pp$
                        collisions at $\sqrt{s}=13$  TeV that decay into displaced
                        hadronic jets in the ATLAS muon spectrometer}",
      collaboration  = "ATLAS",
      journal        = "Phys. Rev.",
      volume         = "D99",
      year           = "2019",
      number         = "5",
      pages          = "052005",
      doi            = "10.1103/PhysRevD.99.052005",
      eprint         = "1811.07370",
      archivePrefix  = "arXiv",
      primaryClass   = "hep-ex",
      reportNumber   = "CERN-EP-2018-241",
      SLACcitation   = "%%CITATION = ARXIV:1811.07370;%%"
}

@article{Aaboud:2017iio,
      author         = "Aaboud, Morad and others",
      title          = "{Search for long-lived, massive particles in events with
                        displaced vertices and missing transverse momentum in
                        $\sqrt{s}$ = 13 TeV $pp$ collisions with the ATLAS
                        detector}",
      collaboration  = "ATLAS",
      journal        = "Phys. Rev.",
      volume         = "D97",
      year           = "2018",
      number         = "5",
      pages          = "052012",
      doi            = "10.1103/PhysRevD.97.052012",
      eprint         = "1710.04901",
      archivePrefix  = "arXiv",
      primaryClass   = "hep-ex",
      reportNumber   = "CERN-EP-2017-202",
      SLACcitation   = "%%CITATION = ARXIV:1710.04901;%%"
}

@article{Aad:2015rba,
      author         = "Aad, Georges and others",
      title          = "{Search for massive, long-lived particles using
                        multitrack displaced vertices or displaced lepton pairs in
                        pp collisions at $\sqrt{s}$ = 8 TeV with the ATLAS
                        detector}",
      collaboration  = "ATLAS",
      journal        = "Phys. Rev.",
      volume         = "D92",
      year           = "2015",
      number         = "7",
      pages          = "072004",
      doi            = "10.1103/PhysRevD.92.072004",
      eprint         = "1504.05162",
      archivePrefix  = "arXiv",
      primaryClass   = "hep-ex",
      reportNumber   = "CERN-PH-EP-2015-065",
      SLACcitation   = "%%CITATION = ARXIV:1504.05162;%%"
}

@article{Sirunyan:2017jdo,
      author         = "Sirunyan, Albert M and others",
      title          = "{Search for new long-lived particles at $\sqrt{s} =$ 13
                        TeV}",
      collaboration  = "CMS",
      journal        = "Phys. Lett.",
      volume         = "B780",
      year           = "2018",
      pages          = "432-454",
      doi            = "10.1016/j.physletb.2018.03.019",
      eprint         = "1711.09120",
      archivePrefix  = "arXiv",
      primaryClass   = "hep-ex",
      reportNumber   = "CMS-EXO-16-003, CERN-EP-2017-264",
      SLACcitation   = "%%CITATION = ARXIV:1711.09120;%%"
}

@article{Sirunyan:2018vlw,
      author         = "Sirunyan, Albert M and others",
      title          = "{Search for long-lived particles decaying into displaced
                        jets in proton-proton collisions at $\sqrt{s}=$ 13 TeV}",
      collaboration  = "CMS",
      journal        = "Phys. Rev.",
      volume         = "D99",
      year           = "2019",
      number         = "3",
      pages          = "032011",
      doi            = "10.1103/PhysRevD.99.032011",
      eprint         = "1811.07991",
      archivePrefix  = "arXiv",
      primaryClass   = "hep-ex",
      reportNumber   = "CMS-EXO-18-007, CERN-EP-2018-289",
      SLACcitation   = "%%CITATION = ARXIV:1811.07991;%%"
}

@article{CMS:2014wda,
      author         = "Khachatryan, Vardan and others",
      title          = "{Search for Long-Lived Neutral Particles Decaying to
                        Quark-Antiquark Pairs in Proton-Proton Collisions at
                        $\sqrt{s} =$ 8 TeV}",
      collaboration  = "CMS",
      journal        = "Phys. Rev.",
      volume         = "D91",
      year           = "2015",
      number         = "1",
      pages          = "012007",
      doi            = "10.1103/PhysRevD.91.012007",
      eprint         = "1411.6530",
      archivePrefix  = "arXiv",
      primaryClass   = "hep-ex",
      reportNumber   = "CMS-EXO-12-038, CERN-PH-EP-2014-256",
      SLACcitation   = "%%CITATION = ARXIV:1411.6530;%%"
}

@article{Sirunyan:2018pwn,
      author         = "Sirunyan, Albert M and others",
      title          = "{Search for long-lived particles with displaced vertices
                        in multijet events in proton-proton collisions at
                        $\sqrt{s}= $13 TeV}",
      collaboration  = "CMS",
      journal        = "Phys. Rev.",
      volume         = "D98",
      year           = "2018",
      number         = "9",
      pages          = "092011",
      doi            = "10.1103/PhysRevD.98.092011",
      eprint         = "1808.03078",
      archivePrefix  = "arXiv",
      primaryClass   = "hep-ex",
      reportNumber   = "CMS-EXO-17-018, CERN-EP-2018-203",
      SLACcitation   = "%%CITATION = ARXIV:1808.03078;%%"
}

@article{Aad:2013txa,
      author         = "Aad, Georges and others",
      title          = "{Triggers for displaced decays of long-lived neutral
                        particles in the ATLAS detector}",
      collaboration  = "ATLAS",
      journal        = "JINST",
      volume         = "8",
      year           = "2013",
      pages          = "P07015",
      doi            = "10.1088/1748-0221/8/07/P07015",
      eprint         = "1305.2284",
      archivePrefix  = "arXiv",
      primaryClass   = "hep-ex",
      reportNumber   = "CERN-PH-EP-2013-047",
      SLACcitation   = "%%CITATION = ARXIV:1305.2284;%%"
}

@article{CMSPFreconstruction,
      author         = "Sirunyan, A. M. and others",
      title          = "{Particle-flow reconstruction and global event
                        description with the CMS detector}",
      collaboration  = "CMS",
      journal        = "JINST",
      volume         = "12",
      year           = "2017",
      number         = "10",
      pages          = "P10003",
      doi            = "10.1088/1748-0221/12/10/P10003",
      eprint         = "1706.04965",
      archivePrefix  = "arXiv",
      primaryClass   = "physics.ins-det",
      reportNumber   = "CMS-PRF-14-001, CERN-EP-2017-110",
      SLACcitation   = "%%CITATION = ARXIV:1706.04965;%%"
}

@article{LHCbDisplacedJets2016,
      author         = "Aaij, Roel and others",
      title          = "{Search for Higgs-like bosons decaying into long-lived
                        exotic particles}",
      collaboration  = "LHCb",
      journal        = "Eur. Phys. J.",
      volume         = "C76",
      year           = "2016",
      number         = "12",
      pages          = "664",
      doi            = "10.1140/epjc/s10052-016-4489-7",
      eprint         = "1609.03124",
      archivePrefix  = "arXiv",
      primaryClass   = "hep-ex",
      reportNumber   = "LHCB-PAPER-2016-014, CERN-EP-2016-188",
      SLACcitation   = "%%CITATION = ARXIV:1609.03124;%%"
}

@article{LHCbDisplacedJets2017,
      author         = "Aaij, R. and others",
      title          = "{Updated search for long-lived particles decaying to jet
                        pairs}",
      collaboration  = "LHCb",
      journal        = "Eur. Phys. J.",
      volume         = "C77",
      year           = "2017",
      number         = "12",
      pages          = "812",
      doi            = "10.1140/epjc/s10052-017-5178-x",
      eprint         = "1705.07332",
      archivePrefix  = "arXiv",
      primaryClass   = "hep-ex",
      reportNumber   = "LHCB-PAPER-2016-065, CERN-EP-2017-083",
      SLACcitation   = "%%CITATION = ARXIV:1705.07332;%%"
}

@techreport{CMSDiMuon2015,
      title         = "{Search for long-lived particles that decay into final
                       states containing two muons, reconstructed using only the
                       CMS muon chambers}",
      institution   = "CERN",
      collaboration = "CMS Collaboration",
      address       = "Geneva",
      number        = "CMS-PAS-EXO-14-012",
      year          = "2015",
      reportNumber  = "CMS-PAS-EXO-14-012",
      url           = "https://cds.cern.ch/record/2005761",
}

@article{CMSDiLepton2015,
      author         = "Khachatryan, Vardan and others",
      title          = "{Search for long-lived particles that decay into final
                        states containing two electrons or two muons in
                        proton-proton collisions at $\sqrt{s} =$ 8 TeV}",
      collaboration  = "CMS",
      journal        = "Phys. Rev.",
      volume         = "D91",
      year           = "2015",
      number         = "5",
      pages          = "052012",
      doi            = "10.1103/PhysRevD.91.052012",
      eprint         = "1411.6977",
      archivePrefix  = "arXiv",
      primaryClass   = "hep-ex",
      reportNumber   = "CMS-EXO-12-037, CERN-PH-EP-2014-263",
      SLACcitation   = "%%CITATION = ARXIV:1411.6977;%%"
}

@article{LHCbDiMuon2015,
      author         = "Aaij, Roel and others",
      title          = "{Search for hidden-sector bosons in $B^0 \!\to
                        K^{*0}\mu^+\mu^-$ decays}",
      collaboration  = "LHCb",
      journal        = "Phys. Rev. Lett.",
      volume         = "115",
      year           = "2015",
      number         = "16",
      pages          = "161802",
      doi            = "10.1103/PhysRevLett.115.161802",
      eprint         = "1508.04094",
      archivePrefix  = "arXiv",
      primaryClass   = "hep-ex",
      reportNumber   = "CERN-PH-EP-2015-202, LHCB-PAPER-2015-036",
      SLACcitation   = "%%CITATION = ARXIV:1508.04094;%%"
}

@article{LHCbDiMuon2017,
      author         = "Aaij, R. and others",
      title          = "{Search for long-lived scalar particles in $B^+ \to K^+
                        \chi (\mu^+\mu^-)$ decays}",
      collaboration  = "LHCb",
      journal        = "Phys. Rev.",
      volume         = "D95",
      year           = "2017",
      number         = "7",
      pages          = "071101",
      doi            = "10.1103/PhysRevD.95.071101",
      eprint         = "1612.07818",
      archivePrefix  = "arXiv",
      primaryClass   = "hep-ex",
      reportNumber   = "CERN-EP-2016-302, LHCB-PAPER-2016-052",
      SLACcitation   = "%%CITATION = ARXIV:1612.07818;%%"
}

@article{LHCbDiLepton2017,
      author         = "Aaij, Roel and others",
      title          = "{Search for Dark Photons Produced in 13 TeV $pp$
                        Collisions}",
      collaboration  = "LHCb",
      journal        = "Phys. Rev. Lett.",
      volume         = "120",
      year           = "2018",
      number         = "6",
      pages          = "061801",
      doi            = "10.1103/PhysRevLett.120.061801",
      eprint         = "1710.02867",
      archivePrefix  = "arXiv",
      primaryClass   = "hep-ex",
      reportNumber   = "LHCB-PAPER-2017-038, CERN-EP-2017-248",
      SLACcitation   = "%%CITATION = ARXIV:1710.02867;%%"
}

@article{DisappearingTrackWindow,
      author         = "Mahbubani, Rakhi and Schwaller, Pedro and Zurita, Jose",
      title          = "{Closing the window for compressed Dark Sectors with
                        disappearing charged tracks}",
      journal        = "JHEP",
      volume         = "06",
      year           = "2017",
      pages          = "119",
      doi            = "10.1007/JHEP06(2017)119, 10.1007/JHEP10(2017)061",
      note           = "[Erratum: JHEP10,061(2017)]",
      eprint         = "1703.05327",
      archivePrefix  = "arXiv",
      primaryClass   = "hep-ph",
      reportNumber   = "CERN-TH-2017-054, TTP17-005, MITP/17-011",
      SLACcitation   = "%%CITATION = ARXIV:1703.05327;%%"
}

@techreport{CMSHSCP2016,
      title         = "{Search for heavy stable charged particles with
                       $12.9~\mathrm{fb}^{-1}$ of 2016 data}",
      institution   = "CERN",
      collaboration = "CMS Collaboration",
      address       = "Geneva",
      number        = "CMS-PAS-EXO-16-036",
      year          = "2016",
      reportNumber  = "CMS-PAS-EXO-16-036",
      url           = "https://cds.cern.ch/record/2205281",
}

@article{SimpleSIMP,
      author         = "Daci, N. and De Bruyn, Isabelle and Lowette, S. and
                        Tytgat, M. H. G. and Zaldivar, B.",
      title          = "{Simplified SIMPs and the LHC}",
      journal        = "JHEP",
      volume         = "11",
      year           = "2015",
      pages          = "108",
      doi            = "10.1007/JHEP11(2015)108",
      eprint         = "1503.05505",
      archivePrefix  = "arXiv",
      primaryClass   = "hep-ph",
      SLACcitation   = "%%CITATION = ARXIV:1503.05505;%%"
}

@article{ATLASDarkPhoton2015,
      author        = "Aad, Georges and others",
      title         = "{A search for prompt lepton-jets in pp collisions at
                       $\sqrt{s}=$ 8 TeV with the ATLAS detector. A search for
                       prompt lepton-jets in $pp$ collisions at $\sqrt{s}=$ 8 TeV
                       with the ATLAS detector}",
      journal       = "JHEP",
      collaboration = "ATLAS Collaboration",
      number        = "CERN-PH-EP-2015-242. CERN-PH-EP-2015-242",
      volume        = "02",
      pages         = "062. 51 p",
      month         = "Nov",
      year          = "2015",
      reportNumber  = "CERN-PH-EP-2015-242",
      url           = "http://cds.cern.ch/record/2103375",
      doi           = "10.1007/JHEP02(2016)062",
}

@techreport{CMSDelayedPhoton,
      title         = "{Search for long-lived neutral particles in the final
                       state of delayed photons and missing energy in
                       proton-proton collisions at $\sqrt s$ = 8 TeV}",
      institution   = "CERN",
      collaboration = "CMS Collaboration",
      address       = "Geneva",
      number        = "CMS-PAS-EXO-12-035",
      year          = "2015",
      reportNumber  = "CMS-PAS-EXO-12-035",
      url           = "https://cds.cern.ch/record/2063495",
}

@article{mCPProposal,
      author         = "Haas, Andrew and Hill, Christopher S. and Izaguirre, Eder
                        and Yavin, Itay",
      title          = "{Looking for milli-charged particles with a new
                        experiment at the LHC}",
      journal        = "Phys. Lett.",
      volume         = "B746",
      year           = "2015",
      pages          = "117-120",
      doi            = "10.1016/j.physletb.2015.04.062",
      eprint         = "1410.6816",
      archivePrefix  = "arXiv",
      primaryClass   = "hep-ph",
      SLACcitation   = "%%CITATION = ARXIV:1410.6816;%%"
}

@article{MoEDALTDR,
      author         = "Pinfold, James and others",
      title          = "{Technical Design Report of the MoEDAL Experiment}",
      collaboration  = "MoEDAL",
      year           = "2009",
      reportNumber   = "CERN-LHCC-2009-006, MoEDAL-TDR-001",
      SLACcitation   = "%%CITATION = CERN-LHCC-2009-006;%%"
}

@article{mCPnoncollider,
      author         = "Jaeckel, Joerg and Ringwald, Andreas",
      title          = "{The Low-Energy Frontier of Particle Physics}",
      journal        = "Ann. Rev. Nucl. Part. Sci.",
      volume         = "60",
      year           = "2010",
      pages          = "405-437",
      doi            = "10.1146/annurev.nucl.012809.104433",
      eprint         = "1002.0329",
      archivePrefix  = "arXiv",
      primaryClass   = "hep-ph",
      reportNumber   = "CPT-10-18, DESY-10-016, IPPP-10-09",
      SLACcitation   = "%%CITATION = ARXIV:1002.0329;%%"
}

@article{mCPlambshift,
      author         = "Gluck, M. and Rakshit, S. and Reya, E.",
      title          = "{The Lamb shift contribution of very light milli-charged
                        fermions}",
      journal        = "Phys. Rev.",
      volume         = "D76",
      year           = "2007",
      pages          = "091701",
      doi            = "10.1103/PhysRevD.76.091701",
      eprint         = "hep-ph/0703140",
      archivePrefix  = "arXiv",
      primaryClass   = "HEP-PH",
      reportNumber   = "DO-TH-07-04",
      SLACcitation   = "%%CITATION = HEP-PH/0703140;%%"
}

@article{mCPwithBBN,
      author         = "Davidson, Sacha and Hannestad, Steen and Raffelt, Georg",
      title          = "{Updated bounds on millicharged particles}",
      journal        = "JHEP",
      volume         = "05",
      year           = "2000",
      pages          = "003",
      doi            = "10.1088/1126-6708/2000/05/003",
      eprint         = "hep-ph/0001179",
      archivePrefix  = "arXiv",
      primaryClass   = "hep-ph",
      reportNumber   = "CERN-TH-99-384",
      SLACcitation   = "%%CITATION = HEP-PH/0001179;%%"
}

@article{mCPaccecavity,
      author         = "Gies, H. and Jaeckel, J. and Ringwald, A.",
      title          = "{Accelerator Cavities as a Probe of Millicharged
                        Particles}",
      journal        = "Europhys. Lett.",
      volume         = "76",
      year           = "2006",
      pages          = "794-800",
      doi            = "10.1209/epl/i2006-10356-5",
      eprint         = "hep-ph/0608238",
      archivePrefix  = "arXiv",
      primaryClass   = "hep-ph",
      reportNumber   = "DESY-06-132",
      SLACcitation   = "%%CITATION = HEP-PH/0608238;%%"
}
@article{mCPCMB,
      author         = "Dubovsky, S. L. and Gorbunov, D. S. and Rubtsov, G. I.",
      title          = "{Narrowing the window for millicharged particles by CMB
                        anisotropy}",
      journal        = "JETP Lett.",
      volume         = "79",
      year           = "2004",
      pages          = "1-5",
      doi            = "10.1134/1.1675909",
      note           = "[Pisma Zh. Eksp. Teor. Fiz.79,3(2004)]",
      eprint         = "hep-ph/0311189",
      archivePrefix  = "arXiv",
      primaryClass   = "hep-ph",
      reportNumber   = "INR-TH-2003-8",
      SLACcitation   = "%%CITATION = HEP-PH/0311189;%%"
}
@article{mCPCMB2,
      author         = "Burrage, C. and Jaeckel, J. and Redondo, J. and Ringwald,
                        A.",
      title          = "{Late time CMB anisotropies constrain mini-charged
                        particles}",
      journal        = "JCAP",
      volume         = "0911",
      year           = "2009",
      pages          = "002",
      doi            = "10.1088/1475-7516/2009/11/002",
      eprint         = "0909.0649",
      archivePrefix  = "arXiv",
      primaryClass   = "astro-ph.CO",
      reportNumber   = "DESY-09-132, DCPT-09-124, IPPP-09-62",
      SLACcitation   = "%%CITATION = ARXIV:0909.0649;%%"
}
@article{mCPHubble,
      author         = "Ahlers, Markus",
      title          = "{The Hubble diagram as a probe of mini-charged
                        particles}",
      journal        = "Phys. Rev.",
      volume         = "D80",
      year           = "2009",
      pages          = "023513",
      doi            = "10.1103/PhysRevD.80.023513",
      eprint         = "0904.0998",
      archivePrefix  = "arXiv",
      primaryClass   = "hep-ph",
      reportNumber   = "OUTP-0908P",
      SLACcitation   = "%%CITATION = ARXIV:0904.0998;%%"
}
@article{mCPLaser,
      author         = "Ahlers, M. and Gies, H. and Jaeckel, J. and Redondo, J.
                        and Ringwald, A.",
      title          = "{Laser experiments explore the hidden sector}",
      journal        = "Phys. Rev.",
      volume         = "D77",
      year           = "2008",
      pages          = "095001",
      doi            = "10.1103/PhysRevD.77.095001",
      eprint         = "0711.4991",
      archivePrefix  = "arXiv",
      primaryClass   = "hep-ph",
      reportNumber   = "DESY-07-207, OUTP-0715P, IPPP-07-93, DCPT-07-186",
      SLACcitation   = "%%CITATION = ARXIV:0711.4991;%%"
}
@article{mCPastro,
  title = {Astrophysical bounds on millicharged particles in models with a paraphoton},
  author = {Davidson, Sacha and Peskin, Michael},
  journal = {Phys. Rev. D},
  volume = {49},
  issue = {4},
  pages = {2114--2117},
  numpages = {0},
  year = {1994},
  month = {Feb},
  publisher = {American Physical Society},
  doi = {10.1103/PhysRevD.49.2114},
  url = {https://link.aps.org/doi/10.1103/PhysRevD.49.2114}
}
@article{mCPPositronium,
      author         = "Badertscher, A. and Crivelli, P. and Fetscher, W. and
                        Gendotti, U. and Gninenko, S. and Postoev, V. and Rubbia,
                        A. and Samoylenko, V. and Sillou, D.",
      title          = "{An Improved Limit on Invisible Decays of Positronium}",
      journal        = "Phys. Rev.",
      volume         = "D75",
      year           = "2007",
      pages          = "032004",
      doi            = "10.1103/PhysRevD.75.032004",
      eprint         = "hep-ex/0609059",
      archivePrefix  = "arXiv",
      primaryClass   = "hep-ex",
      SLACcitation   = "%%CITATION = HEP-EX/0609059;%%"
}
@article{mCPcosmology,
      author         = "Melchiorri, Alessandro and Polosa, Antonello and Strumia,
                        Alessandro",
      title          = "{New bounds on millicharged particles from cosmology}",
      journal        = "Phys. Lett.",
      volume         = "B650",
      year           = "2007",
      pages          = "416-420",
      doi            = "10.1016/j.physletb.2007.05.042",
      eprint         = "hep-ph/0703144",
      archivePrefix  = "arXiv",
      primaryClass   = "hep-ph",
      reportNumber   = "IFUP-TH-07-06",
      SLACcitation   = "%%CITATION = HEP-PH/0703144;%%"
}
@article{mCPCoulomb,
      author         = "Jaeckel, Joerg",
      title          = "{Probing Minicharged Particles with Tests of Coulomb's
                        Law}",
      journal        = "Phys. Rev. Lett.",
      volume         = "103",
      year           = "2009",
      pages          = "080402",
      doi            = "10.1103/PhysRevLett.103.080402",
      eprint         = "0904.1547",
      archivePrefix  = "arXiv",
      primaryClass   = "hep-ph",
      reportNumber   = "IPPP-09-30, DCPT-09-60",
      SLACcitation   = "%%CITATION = ARXIV:0904.1547;%%"
}

